<?xml version="1.0" encoding="UTF-8"?>
  <record xmlns="http://www.loc.gov/MARC21/slim" type="Authority">
    <leader>00000nz  a2200000nc 4500</leader>
    <controlfield tag="001">121384276</controlfield>
    <controlfield tag="003">DE-101</controlfield>
    <controlfield tag="005">20220713003043.0</controlfield>
    <controlfield tag="008">990902n||aznnnaabn           | aaa    |c</controlfield>
    <datafield tag="024" ind1="7" ind2=" ">
      <subfield code="a">121384276</subfield>
      <subfield code="0">http://d-nb.info/gnd/121384276</subfield>
      <subfield code="2">gnd</subfield>
    </datafield>
    <datafield tag="035" ind1=" " ind2=" ">
      <subfield code="a">(DE-101)121384276</subfield>
    </datafield>
    <datafield tag="035" ind1=" " ind2=" ">
      <subfield code="a">(DE-588)121384276</subfield>
    </datafield>
    <datafield tag="035" ind1=" " ind2=" ">
      <subfield code="z">(DE-588)1053440456</subfield>
    </datafield>
    <datafield tag="035" ind1=" " ind2=" ">
      <subfield code="z">(DE-588a)121384276</subfield>
      <subfield code="9">v:zg</subfield>
    </datafield>
    <datafield tag="040" ind1=" " ind2=" ">
      <subfield code="a">DE-12</subfield>
      <subfield code="c">DE-12</subfield>
      <subfield code="9">r:DE-12</subfield>
      <subfield code="b">ger</subfield>
      <subfield code="d">9999</subfield>
    </datafield>
    <datafield tag="042" ind1=" " ind2=" ">
      <subfield code="a">gnd1</subfield>
    </datafield>
    <datafield tag="043" ind1=" " ind2=" ">
      <subfield code="c">XA-DE</subfield>
    </datafield>
    <datafield tag="075" ind1=" " ind2=" ">
      <subfield code="b">p</subfield>
      <subfield code="2">gndgen</subfield>
    </datafield>
    <datafield tag="075" ind1=" " ind2=" ">
      <subfield code="b">piz</subfield>
      <subfield code="2">gndspec</subfield>
    </datafield>
    <datafield tag="079" ind1=" " ind2=" ">
      <subfield code="a">g</subfield>
      <subfield code="q">a</subfield>
      <subfield code="q">f</subfield>
      <subfield code="u">v</subfield>
    </datafield>
    <datafield tag="100" ind1="1" ind2=" ">
      <subfield code="a">Mansfeld, Agnes Sibylle &#152;zu&#156;</subfield>
      <subfield code="d">1567-1613</subfield>
    </datafield>
    <datafield tag="400" ind1="1" ind2=" ">
      <subfield code="a">Mansfeld, Agnis Sibylle &#152;zu&#156;</subfield>
      <subfield code="d">1567-1613</subfield>
    </datafield>
    <datafield tag="400" ind1="1" ind2=" ">
      <subfield code="a">Manßfeld, Agnes Sibylle &#152;zu&#156;</subfield>
      <subfield code="d">1567-1613</subfield>
    </datafield>
    <datafield tag="400" ind1="1" ind2=" ">
      <subfield code="a">Manßfeld, Agnis Sibylle &#152;zu&#156;</subfield>
      <subfield code="d">1567-1613</subfield>
    </datafield>
    <datafield tag="400" ind1="1" ind2=" ">
      <subfield code="a">Mansfeld, Agnes Sibylla &#152;von&#156;</subfield>
      <subfield code="d">1567-1613</subfield>
    </datafield>
    <datafield tag="400" ind1="1" ind2=" ">
      <subfield code="a">Mansfeld, Agnes Sybille &#152;von&#156;</subfield>
      <subfield code="d">1567-1613</subfield>
    </datafield>
    <datafield tag="400" ind1="1" ind2=" ">
      <subfield code="a">Mansfeld, Agnes Sybilla &#152;von&#156;</subfield>
      <subfield code="d">1567-1613</subfield>
    </datafield>
    <datafield tag="400" ind1="1" ind2=" ">
      <subfield code="a">Mansfeld-Hinterort, Agnes Sibylla &#152;von&#156;</subfield>
      <subfield code="d">1567-1613</subfield>
    </datafield>
    <datafield tag="400" ind1="1" ind2=" ">
      <subfield code="a">Mansfeld-Hinterort, Agnes Sybille &#152;von&#156;</subfield>
      <subfield code="d">1567-1613</subfield>
    </datafield>
    <datafield tag="400" ind1="1" ind2=" ">
      <subfield code="a">Hinterort, Agnes Sybille Mansfeld &#152;von&#156;</subfield>
      <subfield code="d">1567-1613</subfield>
    </datafield>
    <datafield tag="400" ind1="0" ind2=" ">
      <subfield code="a">Agnes Sibylla</subfield>
      <subfield code="c">Mansfeld, Gräfin</subfield>
      <subfield code="d">1567-1613</subfield>
    </datafield>
    <datafield tag="400" ind1="0" ind2=" ">
      <subfield code="a">Agnes Sibylla</subfield>
      <subfield code="c">Mansfeld-Hinterort, Gräfin</subfield>
      <subfield code="d">1567-1613</subfield>
    </datafield>
    <datafield tag="400" ind1="0" ind2=" ">
      <subfield code="a">Agnes Sibylla</subfield>
      <subfield code="c">Mansfeld-Mittelort, Gräfin</subfield>
      <subfield code="d">1567-1613</subfield>
    </datafield>
    <datafield tag="400" ind1="0" ind2=" ">
      <subfield code="a">Agnes Sybille</subfield>
      <subfield code="c">Mansfeld, Gräfin</subfield>
      <subfield code="d">1567-1613</subfield>
    </datafield>
    <datafield tag="400" ind1="0" ind2=" ">
      <subfield code="a">Agnes Sybille</subfield>
      <subfield code="c">Mansfeld-Hinterort, Gräfin</subfield>
      <subfield code="d">1567-1613</subfield>
    </datafield>
    <datafield tag="400" ind1="0" ind2=" ">
      <subfield code="a">Agnes Sybille</subfield>
      <subfield code="c">Mansfeld-Mittelort, Gräfin</subfield>
      <subfield code="d">1567-1613</subfield>
    </datafield>
    <datafield tag="500" ind1="1" ind2=" ">
      <subfield code="0">(DE-101)132018977</subfield>
      <subfield code="0">(DE-588)132018977</subfield>
      <subfield code="0">https://d-nb.info/gnd/132018977</subfield>
      <subfield code="a">Mansfeld, Christoph &#152;von&#156;</subfield>
      <subfield code="d">1520-1591</subfield>
      <subfield code="4">bezf</subfield>
      <subfield code="4">https://d-nb.info/standards/elementset/gnd#familialRelationship</subfield>
      <subfield code="w">r</subfield>
      <subfield code="i">Beziehung familiaer</subfield>
      <subfield code="e">Beziehung familiaer</subfield>
      <subfield code="9">v:Vater</subfield>
    </datafield>
    <datafield tag="500" ind1="1" ind2=" ">
      <subfield code="0">(DE-101)123717353</subfield>
      <subfield code="0">(DE-588)123717353</subfield>
      <subfield code="0">https://d-nb.info/gnd/123717353</subfield>
      <subfield code="a">Mansfeld, David &#152;von&#156;</subfield>
      <subfield code="d">1573-1628</subfield>
      <subfield code="4">bezf</subfield>
      <subfield code="4">https://d-nb.info/standards/elementset/gnd#familialRelationship</subfield>
      <subfield code="w">r</subfield>
      <subfield code="i">Beziehung familiaer</subfield>
      <subfield code="e">Beziehung familiaer</subfield>
      <subfield code="9">v:Ehemann</subfield>
    </datafield>
    <datafield tag="548" ind1=" " ind2=" ">
      <subfield code="a">1567-1613</subfield>
      <subfield code="4">datl</subfield>
      <subfield code="4">https://d-nb.info/standards/elementset/gnd#dateOfBirthAndDeath</subfield>
      <subfield code="w">r</subfield>
      <subfield code="i">Lebensdaten</subfield>
    </datafield>
    <datafield tag="550" ind1=" " ind2=" ">
      <subfield code="0">(DE-101)970412827</subfield>
      <subfield code="0">(DE-588)4770088-9</subfield>
      <subfield code="0">https://d-nb.info/gnd/4770088-9</subfield>
      <subfield code="a">Gräfin</subfield>
      <subfield code="4">adel</subfield>
      <subfield code="4">https://d-nb.info/standards/elementset/gnd#titleOfNobility</subfield>
      <subfield code="w">r</subfield>
      <subfield code="i">Adelstitel</subfield>
    </datafield>
    <datafield tag="551" ind1=" " ind2=" ">
      <subfield code="0">(DE-101)040373924</subfield>
      <subfield code="0">(DE-588)4037392-7</subfield>
      <subfield code="0">https://d-nb.info/gnd/4037392-7</subfield>
      <subfield code="a">Mansfeld</subfield>
      <subfield code="4">ortg</subfield>
      <subfield code="4">https://d-nb.info/standards/elementset/gnd#placeOfBirth</subfield>
      <subfield code="w">r</subfield>
      <subfield code="i">Geburtsort</subfield>
    </datafield>
    <datafield tag="551" ind1=" " ind2=" ">
      <subfield code="0">(DE-101)1014982820</subfield>
      <subfield code="0">(DE-588)7757618-4</subfield>
      <subfield code="0">https://d-nb.info/gnd/7757618-4</subfield>
      <subfield code="a">Schraplau</subfield>
      <subfield code="4">orts</subfield>
      <subfield code="4">https://d-nb.info/standards/elementset/gnd#placeOfDeath</subfield>
      <subfield code="w">r</subfield>
      <subfield code="i">Sterbeort</subfield>
    </datafield>
    <datafield tag="667" ind1=" " ind2=" ">
      <subfield code="a">VD-17</subfield>
    </datafield>
    <datafield tag="672" ind1=" " ind2="0">
      <subfield code="a">Förster, Johann: Analysis Mansfeldica ...</subfield>
      <subfield code="f">1614</subfield>
    </datafield>
    <datafield tag="678" ind1=" " ind2=" ">
      <subfield code="b">Tochter von Graf Christoph II. von Mansfeld-Mittelort (1520-1591); Erbin von Schraplau; ab ca. 1602 Ehefrau von Graf David von Mansfeld-Hinterort</subfield>
    </datafield>
    <datafield tag="913" ind1=" " ind2=" ">
      <subfield code="S">pnd</subfield>
      <subfield code="i">a</subfield>
      <subfield code="a">Mansfeld, Agnes Sibylle /zu</subfield>
      <subfield code="0">(DE-588a)121384276</subfield>
    </datafield>
  </record>
